<?xml version="1.0" encoding="UTF-8"?><record xmlns="http://www.loc.gov/MARC21/slim" xmlns:cinclude="http://apache.org/cocoon/include/1.0" xmlns:zs="http://www.loc.gov/zing/srw/">
  <leader>00431nz  a2200133n  4500</leader>
  <controlfield tag="001">no2011111899</controlfield>
  <controlfield tag="003">DLC</controlfield>
  <controlfield tag="005">20110723075342.0</controlfield>
  <controlfield tag="008">110721n| acannaabn          |n aaa     c</controlfield>
  <datafield tag="010" ind1=" " ind2=" ">
    <subfield code="a">no2011111899</subfield>
  </datafield>
  <datafield tag="035" ind1=" " ind2=" ">
    <subfield code="a">(OCoLC)oca08921074</subfield>
  </datafield>
  <datafield tag="040" ind1=" " ind2=" ">
    <subfield code="a">IChamL</subfield>
    <subfield code="b">eng</subfield>
    <subfield code="c">IChamL</subfield>
  </datafield>
  <datafield tag="100" ind1="1" ind2=" ">
    <subfield code="a">Zabala, Normeo</subfield>
  </datafield>
  <datafield tag="670" ind1=" " ind2=" ">
    <subfield code="a">Khoriaty, F. Franklin and the adventures of the noble knights, p2010:</subfield>
    <subfield code="b">container insert (music by Florence Khoriaty and Normeo Zabala)</subfield>
  </datafield>
</record>